@misc{AnthemScore,
  howpublished = {\url{https://www.lunaverus.com/}},
  title        = {AnthemScore},
  year         = {2024},
  note         = {Accessed: 2024-10-11}
}
@misc{lilypond,
  howpublished = {\url{https://lilypond.org/}},
  title        = {LilyPond},
  year         = {2024},
  note         = {Accessed: 2024-10-11}
}
@misc{Melody-Scanner,
  howpublished = {\url{https://melodyscanner.com/}},
  title        = {Melody Scanner by Klangio},
  year         = {2024},
  note         = {Accessed: 2024-10-11}
}
@misc{MuseScore,
  howpublished = {\url{https://musescore.org/en}},
  title        = {MuseScore},
  year         = {2024},
  note         = {Accessed: 2024-10-11}
}
@article{music-specs,
  author       = {Connor Edney},
  title        = {Everything you need to build your own PC for music production},
  howpublished = {\url{https://routenote.com/blog/build-a-music-production-pc/}},
  year         = {2024},
  note         = {Accessed: 2024-10-05}
}
@misc{musicxml,
  howpublished = {\url{https://www.musicxml.com/}},
  title        = {MusicXML},
  year         = {2024},
  note         = {Accessed: 2024-10-11}
}
@misc{portaudio,
  howpublished = {\url{https://www.portaudio.com/}},
  title        = {PortAudio},
  year         = {2024},
  note         = {Accessed: 2024-10-11}
}
@misc{sibelius,
  howpublished = {\url{https://www.sibelius.com/download/index.html}},
  title        = {Sibelius},
  year         = {2024},
  note         = {Accessed: 2024-10-11}
}
@misc{Transcribe!,
  howpublished = {\url{https://transcribe.com/}},
  title        = {Transcribe!},
  year         = {2024},
  note         = {Accessed: 2024-10-11}
}
@misc{WCAG-Seizures,
  howpublished = {\url{https://www.w3.org/WAI/WCAG21/Understanding/seizures-and-physical-reactions.html}},
  title        = {Seizures and Physical Reactions},
  year         = {2024},
  note         = {Accessed: 2024-10-11}
}
@misc{WCAG21,
  howpublished = {\url{https://www.w3.org/TR/WCAG21/}},
  title        = {Web Content Accessibility Guidelines},
  year         = {2024},
  note         = {Accessed: 2024-10-11}
}
